

@inproceedings{elliott2017findings,
  author =	 {Desmond Elliott and Stella Frank and Lo√Øc Barrault
                  and Fethi Bougares and Lucia Specia},
  title =	 { Findings of the Second Shared Task on Multimodal
                  Machine Translation and Multilingual Image
                  Description },
  booktitle =	 {Proceedings of the Second Conference on Machine
                  Translation},
  year =	 2017,
  pages =	 {nil},
  doi =		 {10.18653/v1/w17-4718},
  url =		 {https://doi.org/10.18653/v1/w17-4718},
  DATE_ADDED =	 {Thu Mar 15 02:22:04 2018},
  month =	 {-},
}


@inproceedings{he2016deep,
  author =	 {Kaiming He and Xiangyu Zhang and Shaoqing Ren and
                  Jian Sun},
  title =	 {Deep Residual Learning for Image Recognition},
  booktitle =	 {2016 IEEE Conference on Computer Vision and Pattern
                  Recognition (CVPR)},
  year =	 2016,
  pages =	 {nil},
  doi =		 {10.1109/cvpr.2016.90},
  url =		 {https://doi.org/10.1109/cvpr.2016.90},
  DATE_ADDED =	 {Thu Mar 15 02:22:41 2018},
  month =	 6,
}


@inproceedings{elliott2016multi30k,
  author =	 {Desmond Elliott and Stella Frank and Khalil Sima'an
                  and Lucia Specia},
  title =	 {Multi30K: Multilingual English-German Image
                  Descriptions},
  booktitle =	 {Proceedings of the 5th Workshop on Vision and
                  Language},
  year =	 2016,
  pages =	 {nil},
  doi =		 {10.18653/v1/w16-3210},
  url =		 {https://doi.org/10.18653/v1/w16-3210},
  DATE_ADDED =	 {Thu Mar 15 02:23:33 2018},
  month =	 {-},
}


